<?xml version="1.0" encoding="UTF-8"?>
<collection xmlns="http://www.loc.gov/MARC21/slim" xmlns:xsi="http://www.w3.org/2001/XMLSchema-instance" xmlns:marc="http://www.loc.gov/MARC21/slim" xsi:schemaLocation="http://www.loc.gov/MARC21/slim http://www.loc.gov/standards/marcxml/schema/MARC21slim.xsd">
   <record>
      <marc:leader>01240cas a2200325Ii 4500</marc:leader>
      <marc:controlfield tag="001">6425485</marc:controlfield>
      <marc:controlfield tag="005">20150225090014.0</marc:controlfield>
      <marc:controlfield tag="008">010802d19191935be mr p       0    0fre d</marc:controlfield>
      <marc:datafield tag="035" ind1=" " ind2=" ">
         <marc:subfield code="a">(OCoLC)ocm47704434</marc:subfield>
      </marc:datafield>
      <marc:datafield tag="035" ind1=" " ind2=" ">
         <marc:subfield code="a">(OCoLC)47704434</marc:subfield>
      </marc:datafield>
      <marc:datafield tag="040" ind1=" " ind2=" ">
         <marc:subfield code="a">NYP</marc:subfield>
         <marc:subfield code="c">NYP</marc:subfield>
         <marc:subfield code="d">FLL</marc:subfield>
         <marc:subfield code="d">OCLCQ</marc:subfield>
         <marc:subfield code="d">JPG</marc:subfield>
         <marc:subfield code="d">NjP</marc:subfield>
      </marc:datafield>
      <marc:datafield tag="043" ind1=" " ind2=" ">
         <marc:subfield code="a">e-be---</marc:subfield>
         <marc:subfield code="a">e------</marc:subfield>
      </marc:datafield>
      <marc:datafield tag="050" ind1="1" ind2="4">
         <marc:subfield code="a">NA1</marc:subfield>
         <marc:subfield code="b">.C57</marc:subfield>
      </marc:datafield>
      <marc:datafield tag="245" ind1="0" ind2="3">
         <marc:subfield code="a">Le Cité :</marc:subfield>
         <marc:subfield code="b">urbanisme, architecture, art public : revue mensuelle.</marc:subfield>
      </marc:datafield>
      <marc:datafield tag="246" ind1="1" ind2="3">
         <marc:subfield code="a">Tekhné</marc:subfield>
      </marc:datafield>
      <marc:datafield tag="246" ind1="1" ind2="3">
         <marc:subfield code="a">Cité et Tekhné</marc:subfield>
         <marc:subfield code="f">juillet 1929-juin 1930</marc:subfield>
      </marc:datafield>
      <marc:datafield tag="246" ind1="1" ind2="3">
         <marc:subfield code="a">Cité &amp;Tekhné</marc:subfield>
         <marc:subfield code="f">août 1930-</marc:subfield>
      </marc:datafield>
      <marc:datafield tag="260" ind1=" " ind2=" ">
         <marc:subfield code="a">Bruxelles :</marc:subfield>
         <marc:subfield code="b">Tekhné,</marc:subfield>
         <marc:subfield code="c">1919-</marc:subfield>
      </marc:datafield>
      <marc:datafield tag="300" ind1=" " ind2=" ">
         <marc:subfield code="a">v. :</marc:subfield>
         <marc:subfield code="b">ill. ;</marc:subfield>
         <marc:subfield code="c">26 cm.</marc:subfield>
      </marc:datafield>
      <marc:datafield tag="310" ind1=" " ind2=" ">
         <marc:subfield code="a">Monthly</marc:subfield>
      </marc:datafield>
      <marc:datafield tag="362" ind1="0" ind2=" ">
         <marc:subfield code="a">1er anneé, no 1 (juillet 1919)-</marc:subfield>
      </marc:datafield>
      <marc:datafield tag="500" ind1=" " ind2=" ">
         <marc:subfield code="a">Ceased in 1935?</marc:subfield>
      </marc:datafield>
      <marc:datafield tag="550" ind1=" " ind2=" ">
         <marc:subfield code="a">Organ of the Société belge des urbanistes et architectes modernistes.</marc:subfield>
      </marc:datafield>
      <marc:datafield tag="580" ind1=" " ind2=" ">
         <marc:subfield code="a">Tekhné forms a separately numbered and paged supplement beginning with v. 6, no 1 (juillet 1926).</marc:subfield>
      </marc:datafield>
      <datafield tag="599" ind1=" " ind2=" ">
         <subfield code="a">ark:/88435/mw22v8112</subfield>
         <subfield code="b">bmtnaac_1923-04_01</subfield>
         <subfield code="v">vol.3,no.12 1923-04</subfield>
      </datafield>
      <marc:datafield tag="650" ind1=" " ind2="0">
         <marc:subfield code="a">City planning</marc:subfield>
         <marc:subfield code="z">Belgium</marc:subfield>
         <marc:subfield code="v">Periodicals.</marc:subfield>
      </marc:datafield>
      <marc:datafield tag="650" ind1=" " ind2="0">
         <marc:subfield code="a">Architecture</marc:subfield>
         <marc:subfield code="z">Belgium</marc:subfield>
         <marc:subfield code="v">Periodicals.</marc:subfield>
      </marc:datafield>
      <marc:datafield tag="710" ind1="2" ind2=" ">
         <marc:subfield code="a">Société belge des urbanistes et architectes modernistes.</marc:subfield>
      </marc:datafield>
      <marc:datafield tag="856" ind1="4" ind2="1">
         <marc:subfield code="u">http://arks.princeton.edu/ark:/88435/4t64gp562</marc:subfield>
      </marc:datafield>
      <marc:datafield tag="904" ind1=" " ind2=" ">
         <marc:subfield code="a">slt</marc:subfield>
         <marc:subfield code="b">o</marc:subfield>
         <marc:subfield code="h">m</marc:subfield>
         <marc:subfield code="c">s</marc:subfield>
         <marc:subfield code="e">20110221</marc:subfield>
      </marc:datafield>
      <marc:datafield tag="902" ind1=" " ind2=" ">
         <marc:subfield code="a">drt</marc:subfield>
         <marc:subfield code="b">m</marc:subfield>
         <marc:subfield code="6">a</marc:subfield>
         <marc:subfield code="7">s</marc:subfield>
         <marc:subfield code="d">v</marc:subfield>
         <marc:subfield code="f">2</marc:subfield>
         <marc:subfield code="e">20110517</marc:subfield>
      </marc:datafield>
   </record>
</collection>
